@article{libseff_paper,
    author = {Mario Alvarez-Picallo and Teodoro Freund and Dan R. Chiga and Sam Lindley},
    title = {Effect Handlers for C via Coroutines},
    journal = {Proceedings of the ACM on Programming Languages},
    year = 2024
}

@misc{libseff_git,
    author = {},
    url = {https://github.com/effect-handlers/libseff/},
    note = {Libseff source code}
}

@article{effect_handlers_for_the_masses,
    author = {Jonathan Immanuel Brachth√§user and Philipp Schuster and Klaus Ostermann},
    title = {Effect handlers for the masses},
    journal = {Proceedings of the ACM on Programming Languages},
    year = 2018
}